<?xml version="1.0" encoding="UTF-8"?><record xmlns="http://www.loc.gov/MARC21/slim" xmlns:cinclude="http://apache.org/cocoon/include/1.0" xmlns:zs="http://www.loc.gov/zing/srw/">
  <leader>00496nz  a2200133n  4500</leader>
  <controlfield tag="001">no2015041048</controlfield>
  <controlfield tag="003">DLC</controlfield>
  <controlfield tag="005">20150328073607.0</controlfield>
  <controlfield tag="008">150327n| azannaabn          |n aaa     c</controlfield>
  <datafield tag="010" ind1=" " ind2=" ">
    <subfield code="a">no2015041048</subfield>
  </datafield>
  <datafield tag="035" ind1=" " ind2=" ">
    <subfield code="a">(OCoLC)oca10124824</subfield>
  </datafield>
  <datafield tag="040" ind1=" " ind2=" ">
    <subfield code="a">CSt</subfield>
    <subfield code="b">eng</subfield>
    <subfield code="e">rda</subfield>
    <subfield code="c">CSt</subfield>
  </datafield>
  <datafield tag="100" ind1="1" ind2=" ">
    <subfield code="a">Malotti, Ana Paula</subfield>
  </datafield>
  <datafield tag="670" ind1=" " ind2=" ">
    <subfield code="a">Publicações da Associação Brasileira de Educação Musical, 2013:</subfield>
    <subfield code="b">title page (Ana Paula Malotti) page 254 (graduate student in music education, Universidade do Estado de Santa Catarina)</subfield>
  </datafield>
</record>